<?xml version="1.0" encoding="UTF-8"?><collection xmlns="http://www.loc.gov/MARC21/slim"><record><leader>00502nam--2200169-i-4500</leader><controlfield tag="001">000022676</controlfield><controlfield tag="002">20161230</controlfield><controlfield tag="005">20161230201034</controlfield><controlfield tag="008">060222s1000------------r-----000-0-eng-d</controlfield><datafield ind1=" " ind2=" " tag="040"><subfield code="a">IFIN-HH</subfield></datafield><datafield ind1=" " ind2=" " tag="080"><subfield code="a">519.4:53:62</subfield></datafield><datafield ind1="1" ind2=" " tag="100"><subfield code="a">Hollingsworth, Charles A</subfield></datafield><datafield ind1="1" ind2="0" tag="245"><subfield code="a">Vectors, matrices, ands group theory for scientists and engineers</subfield><subfield code="c">Charles a. hollingsworth</subfield></datafield><datafield ind1=" " ind2=" " tag="260"><subfield code="a">New York</subfield><subfield code="b">Mcgraw-hill Book Company</subfield><subfield code="c">1967</subfield></datafield><datafield ind1=" " ind2=" " tag="300"><subfield code="a">IX + 355P</subfield></datafield><datafield ind1=" " ind2=" " tag="852"><subfield code="a">27436</subfield><subfield code="c">519.4/5</subfield></datafield><datafield ind1=" " ind2=" " tag="CAT"><subfield code="a">Sys</subfield><subfield code="c">20130813</subfield><subfield code="h">112358</subfield></datafield></record></collection>